<record><leader>01543pam a2200397 a 4500</leader><controlfield tag="001">6758290</controlfield><controlfield tag="003">OCoLC</controlfield><controlfield tag="005">20141125113711.0</controlfield><controlfield tag="008">140327s2015    paua     b    001 0 eng c</controlfield><datafield ind1=" " ind2=" " tag="010"><subfield code="a">  2014012344</subfield></datafield><datafield ind1=" " ind2=" " tag="020"><subfield code="a">9780812246414 (hardcover : alk. paper)</subfield></datafield><datafield ind1=" " ind2=" " tag="020"><subfield code="a">0812246411 (hardcover : alk. paper)</subfield></datafield><datafield ind1=" " ind2=" " tag="035"><subfield code="a">ocn881386557</subfield></datafield><datafield ind1=" " ind2=" " tag="040"><subfield code="a">PU/DLC</subfield><subfield code="b">eng</subfield><subfield code="c">PAU</subfield><subfield code="d">DLC</subfield><subfield code="d">OCLCO</subfield><subfield code="d">OCLCF</subfield><subfield code="d">YDXCP</subfield><subfield code="d">CDX</subfield><subfield code="d">NDD</subfield><subfield code="d">AEU</subfield></datafield><datafield ind1=" " ind2=" " tag="042"><subfield code="a">pcc</subfield></datafield><datafield ind1="0" ind2="0" tag="050"><subfield code="a">JC328.5</subfield><subfield code="b">.K38 2015</subfield></datafield><datafield ind1="0" ind2="0" tag="082"><subfield code="a">355.02/1801</subfield><subfield code="2">23</subfield></datafield><datafield ind1=" " ind2=" " tag="090"><subfield code="a">JC 328.5 K38 2015</subfield><subfield code="b">AEU</subfield></datafield><datafield ind1="1" ind2=" " tag="100"><subfield code="a">Katagiri, Noriyuki.</subfield></datafield><datafield ind1="1" ind2="0" tag="245"><subfield code="a">Adapting to win :</subfield><subfield code="b">how insurgents fight and defeat foreign states in war /</subfield><subfield code="c">Noriyuki Katagiri.</subfield></datafield><datafield ind1=" " ind2=" " tag="260"><subfield code="a">Philadelphia :</subfield><subfield code="b">University of Pennsylvania Press,</subfield><subfield code="c">c2015.</subfield></datafield><datafield ind1=" " ind2=" " tag="300"><subfield code="a">301 p. :</subfield><subfield code="b">ill. ;</subfield><subfield code="c">24 cm.</subfield></datafield><datafield ind1=" " ind2=" " tag="504"><subfield code="a">Includes bibliographical references (pages 271-292) and index.</subfield></datafield><datafield ind1=" " ind2=" " tag="596"><subfield code="a">16 43</subfield></datafield><datafield ind1=" " ind2="0" tag="650"><subfield code="a">Insurgency.</subfield></datafield><datafield ind1=" " ind2="0" tag="650"><subfield code="a">Insurgency</subfield><subfield code="v">Case studies.</subfield></datafield><datafield ind1=" " ind2="0" tag="650"><subfield code="a">Asymmetric warfare.</subfield></datafield><datafield ind1=" " ind2="0" tag="650"><subfield code="a">Asymmetric warfare</subfield><subfield code="v">Case studies.</subfield></datafield><datafield ind1=" " ind2="0" tag="650"><subfield code="a">Guerrilla warfare.</subfield></datafield><datafield ind1=" " ind2="0" tag="650"><subfield code="a">Guerrilla warfare</subfield><subfield code="v">Case studies.</subfield></datafield><datafield ind1=" " ind2="0" tag="650"><subfield code="a">Non-state actors (International relations)</subfield></datafield><datafield ind1=" " ind2="0" tag="650"><subfield code="a">Non-state actors (International relations)</subfield><subfield code="v">Case studies.</subfield></datafield><datafield ind1=" " ind2="0" tag="650"><subfield code="a">Strategy.</subfield></datafield><datafield ind1=" " ind2=" " tag="949"><subfield code="a">JC 328.5 K38 2015</subfield><subfield code="c">1</subfield><subfield code="h">UAAU-B</subfield><subfield code="i">0162035197126</subfield></datafield><datafield ind1=" " ind2=" " tag="926"><subfield code="a">JC 328.5 K38 2015</subfield><subfield code="w">LC</subfield><subfield code="c">1</subfield><subfield code="i">0162035197126</subfield><subfield code="l">ON_SHELF</subfield><subfield code="m">UAAUG</subfield><subfield code="p">$150.00</subfield><subfield code="r">Y</subfield><subfield code="s">Y</subfield><subfield code="t">BOOK</subfield><subfield code="u">12/12/2014</subfield></datafield><datafield ind1=" " ind2=" " tag="926"><subfield code="a">JC 328.5 K38 2015</subfield><subfield code="w">LC</subfield><subfield code="c">1</subfield><subfield code="i">0162035206877</subfield><subfield code="l">ON_SHELF</subfield><subfield code="m">UAHSS</subfield><subfield code="p">$150.00</subfield><subfield code="r">Y</subfield><subfield code="s">Y</subfield><subfield code="t">BOOK</subfield><subfield code="u">1/7/2015</subfield></datafield></record>